@article{acemoglu1997training,
  title={Training and innovation in an imperfect labour market},
  author={Acemoglu, Daron},
  journal={The Review of Economic Studies},
  volume={64},
  number={3},
  pages={445--464},
  year={1997},
  publisher={Wiley-Blackwell}
}

@article{benson2013firm,
  title={Firm-sponsored general education and mobility frictions: Evidence from hospital sponsorship of nursing schools and faculty},
  author={Benson, Alan},
  journal={Journal of Health Economics},
  volume={32},
  number={1},
  pages={149--159},
  year={2013},
  publisher={Elsevier}
}

@article{burdett1998wage,
  title={Wage differentials, employer size, and unemployment},
  author={Burdett, Kenneth and Mortensen, Dale T},
  journal={International Economic Review},
  pages={257--273},
  year={1998},
  publisher={JSTOR}
}

@article{falch2010elasticity,
  title={The elasticity of labor supply at the establishment level},
  author={Falch, Torberg},
  journal={Journal of Labor Economics},
  volume={28},
  number={2},
  pages={237--266},
  year={2010},
  publisher={The University of Chicago Press}
}

@techreport{hall2008wage,
  title={Wage formation between newly hired workers and employers: Survey evidence},
  author={Hall, Robert E and Krueger, Alan B},
  year={2008},
  institution={National Bureau of Economic Research}
}

@article{kuhn2004internet,
  title={Internet job search and unemployment durations},
  author={Kuhn, Peter and Skuterud, Mikal},
  journal={American Economic Review},
  volume={94},
  number={1},
  pages={218--232},
  year={2004}
}

@article{machin2004test,
  title={A test of competitive labor market theory: The wage structure among care assistants in the south of England},
  author={Machin, Stephen and Manning, Alan},
  journal={ILR Review},
  volume={57},
  number={3},
  pages={371--385},
  year={2004},
  publisher={SAGE Publications Sage CA: Los Angeles, CA}
}

@book{manning2003monopsony,
  title={Monopsony in motion: Imperfect competition in labor markets},
  author={Manning, Alan},
  year={2003},
  publisher={Princeton University Press}
}

@article{manning2006generalised,
  title={A generalised model of monopsony},
  author={Manning, Alan},
  journal={The Economic Journal},
  volume={116},
  number={508},
  pages={84--100},
  year={2006},
  publisher={Oxford University Press Oxford, UK}
}

@article{matsudaira2014government,
  title={Government regulation and the quality of healthcare evidence from minimum staffing legislation for nursing homes},
  author={Matsudaira, Jordan D},
  journal={Journal of Human resources},
  volume={49},
  number={1},
  pages={32--72},
  year={2014},
  publisher={University of Wisconsin Press}
}

@article{staiger2010there,
  title={Is there monopsony in the labor market? Evidence from a natural experiment},
  author={Staiger, Douglas O and Spetz, Joanne and Phibbs, Ciaran S},
  journal={Journal of Labor Economics},
  volume={28},
  number={2},
  pages={211--236},
  year={2010},
  publisher={The University of Chicago Press}
}